<?xml version="1.0" encoding="UTF-8"?><collection xmlns="http://www.loc.gov/MARC21/slim"><record><leader>00576nam--2200205-u-4500</leader><controlfield tag="001">000053317</controlfield><controlfield tag="002">20161230</controlfield><controlfield tag="005">20161230201051</controlfield><controlfield tag="008">110311s1000------------r-----000-0-eng-d</controlfield><datafield ind1=" " ind2=" " tag="020"><subfield code="a">0471154091</subfield></datafield><datafield ind1=" " ind2=" " tag="040"><subfield code="a">IFIN-HH</subfield></datafield><datafield ind1=" " ind2=" " tag="080"><subfield code="a">519.24:517.27:512.64</subfield></datafield><datafield ind1="1" ind2=" " tag="100"><subfield code="a">Schott, James R</subfield></datafield><datafield ind1="1" ind2="0" tag="245"><subfield code="a">Matrix analysis for statistics</subfield><subfield code="c">James r. schott</subfield></datafield><datafield ind1=" " ind2=" " tag="260"><subfield code="a">New York</subfield><subfield code="b">John Wiley &amp; Sons, Inc</subfield><subfield code="c">1997</subfield></datafield><datafield ind1=" " ind2=" " tag="300"><subfield code="a">426P</subfield></datafield><datafield ind1=" " ind2=" " tag="490"><subfield code="a">Wiley Series In Probability And Statistics</subfield></datafield><datafield ind1=" " ind2="4" tag="650"><subfield code="a">Mathematical Statistics</subfield></datafield><datafield ind1=" " ind2=" " tag="852"><subfield code="a">81496</subfield><subfield code="c">519.24</subfield></datafield><datafield ind1=" " ind2=" " tag="CAT"><subfield code="a">Sys</subfield><subfield code="c">20110311</subfield><subfield code="h">100217</subfield></datafield></record></collection>